<?xml version="1.0" encoding="UTF-8"?><collection xmlns="http://www.loc.gov/MARC21/slim"><record><leader>00487nam--2200133-i-4500</leader><controlfield tag="001">000035261</controlfield><controlfield tag="002">20161230</controlfield><controlfield tag="005">20161230201040</controlfield><controlfield tag="008">060222s1000------------r-----000-0-eng-d</controlfield><datafield ind1=" " ind2=" " tag="080"><subfield code="a">616.165(043)</subfield></datafield><datafield ind1=" " ind2=" " tag="100"><subfield code="a">Pau, Christer</subfield></datafield><datafield ind1=" " ind2=" " tag="245"><subfield code="a">Anthracycline cystostatics in acute leukemia. clinical and experimental studies with special reference to celulat pharmacology</subfield></datafield><datafield ind1=" " ind2=" " tag="260"><subfield code="a">Stockholm, From The Section Of Clinical Hematology And Oncology, Huddinge Hospital, 1981, /P.Dif.</subfield></datafield><datafield ind1=" " ind2=" " tag="852"><subfield code="a">71560</subfield></datafield></record></collection>